@article{1,
  title={The precedence effect},
  author={Litovsky, Ruth Y and Colburn, H. Steven and Yost, William A and Guzman, Sandra J},
  journal={Journal of the Acoustical Society of America},
  volume={106},
  number={4},
  pages={1633--1654},
  year={1999},
  month={Oct},
  publisher={Acoustical Society of America},
  doi={10.1121/1.427914},
  PMID={10530009}
}

@article{2,
  title={Merging the senses into a robust percept},
  author={Ernst, Marc O and B{\"u}lthoff, Heinrich H},
  journal={Trends in Cognitive Sciences},
  volume={8},
  number={4},
  pages={162--169},
  year={2004},
  month={Apr},
  publisher={Elsevier},
  doi={10.1016/j.tics.2004.02.002}
}

@article{3,
  title={Multi-Sensory Interaction for Blind and Visually Impaired People},
  author={Cho, J.-D.},
  journal={Electronics},
  volume={10},
  pages={3170},
  year={2021},
  publisher={MDPI},
  doi={10.3390/electronics10243170}
}

@article{4,
  title={The study of human interaction when playing rock-paper-scissors},
  author={Drew, N.},
  journal={The Plymouth Student Scientist},
  volume={5},
  number={1},
  pages={119--139},
  year={2012},
  url={http://hdl.handle.net/10026.1/13969}
}

@inproceedings{5,
  title={"My Zelda Cane": Strategies Used by Blind Players to Play Visual-Centric Digital Games},
  author={Gon{\c{c}}alves, David and Piçarra, Manuel and Pais, Pedro and Guerreiro, Jo{\~a}o and Rodrigues, Andr{\'e}},
  booktitle={Proceedings of the 2023 CHI Conference on Human Factors in Computing Systems},
  pages={1--15},
  year={2023},
  organization={Association for Computing Machinery},
  address={New York, NY, USA},
  article={289},
  doi={10.1145/3544548.3580702}
}

@article{6,
author = {Gardner, Esther and Martin, John},
pages = {},
title = {Coding of Sensory Information},
journal = {Coding of Sensory Information}
}

@article{7,
author = {Yeganeh, Nashmin and Makarov, Ivan and Unnthorsson, Runar and Kristjánsson, Árni},
year = {2023},
month = {05},
pages = {224},
title = {Effects of Stimulus Frequency and Location on Vibrotactile Discrimination Performance Using Voice Coil Actuators on the Forearm},
volume = {12},
journal = {Actuators},
doi = {10.3390/act12060224}
}
